<?xml version="1.0" encoding="UTF-8"?><collection xmlns="http://www.loc.gov/MARC21/slim"><record><leader>00481nam--2200133-i-4500</leader><controlfield tag="001">000049103</controlfield><controlfield tag="002">20161230</controlfield><controlfield tag="005">20161230201047</controlfield><controlfield tag="008">060222s1000------------r-----000-0-eng-d</controlfield><datafield ind1=" " ind2=" " tag="080"><subfield code="a">061.3:621.039.8</subfield></datafield><datafield ind1=" " ind2=" " tag="245"><subfield code="a">Radioisotopes in the pulp and paper industry. report of a panel of the application of radioisotopes in the pulp and paper industry, held in helsinki, 9-13 oct.1967</subfield></datafield><datafield ind1=" " ind2=" " tag="260"><subfield code="a">Vienna, Intern.Atomic Energy Agency, 1968, 117p</subfield></datafield><datafield ind1=" " ind2=" " tag="490"><subfield code="a">Panel Proc.Series</subfield></datafield><datafield ind1=" " ind2=" " tag="852"><subfield code="a">29071</subfield></datafield></record></collection>